101 076401251 0764012510807291511A094101achdestname            companyname                    
5225companyname                         origid    PPDCHECKPAYMT000002080730   1076401250000001
63805320001912345            0000000000c-1            Bachman Eric          DD0076401255655291
82250000010005320001000000000000000000000000origid                             076401250000001
9000001000001000000010005320001000000000000000000000000                                       
9999999999999999999999999999999999999999999999999999999999999999999999999999999999999999999999
9999999999999999999999999999999999999999999999999999999999999999999999999999999999999999999999
9999999999999999999999999999999999999999999999999999999999999999999999999999999999999999999999
9999999999999999999999999999999999999999999999999999999999999999999999999999999999999999999999
9999999999999999999999999999999999999999999999999999999999999999999999999999999999999999999999
